
@ARTICLE{pfinder,	
   AUTHOR      = "C.Wren AND A. Azarbayejani AND T. Darrell AND A. Pentland",
	TITLE        = "Pfnder: Realtime tracking of the human body",
	YEAR         = "2008",
   JOURNAL      = "IEEE Trans. Pattern Anal. Mach. Intell.",
   VOLUME = "19",
NUMBER ="7",
PAGES="780-785"
}


@ARTICLE{kohonen,	
   AUTHOR      = "T. Kohonen",
	TITLE        = "Self-Organization and Associative Memory",
	YEAR         = "1988",
   JOURNAL      = "2nd ed. Berlin, Germany: Springer-Verlag"
}



@ARTICLE{1,	
   AUTHOR      = "F. Porikli AND Y. Ivanov AND T. Haga",
	TITLE        = "Robust Abandoned Object Detection Using Dual Foregrounds",
	YEAR         = "2008",
   JOURNAL      = "EURASIP Journal on Advances in Signal Processing",
   VOLUME = "2008",
NUMBER ="197875",
PAGES="11"
}



@ARTICLE{2,
	AUTHOR       = "J. D. Courtney",
	TITLE        = "Automatic video indexing via object motion analysis",
	YEAR         = "1997",
   JOURNAL      = "Pattern Recognition",
   VOLUME="30",
NUMBER="4"
}


@ARTICLE{3,
	AUTHOR       = "S. Velastin AND A. Davies",
	TITLE        = "Intelligent CCTV surveillance: advances and limitations",
	YEAR         = "2005",
   JOURNAL      = "Proceedings of the 5th International Conference on Methods and Techniques in Behavioral Research Wageningen, The Netherlands",
   VOLUME="30",
NUMBER="4"
}


@ARTICLE{4,
	AUTHOR       = "A. E. Cetin et al.",
	TITLE        = "Characterization of motion of moving objects in video",
	YEAR         = "2004",
   JOURNAL      = "US patent",
NUMBER="20040223652",

}

@ARTICLE{5,
	AUTHOR       = "H. Grabner AND H. Bischof",
	TITLE        = "On-line boosting and vision",
	YEAR         = "2006",
   JOURNAL      = "Proceedings of IEEE Computer Society Conference on Computer
Vision and Pattern Recognition (CVPR '06)",
   VOLUME="1",
PAGES="260-267"
}

@ARTICLE{6,
	AUTHOR       = "E. Auvinet et al.",
	TITLE        = "Left-luggage detection using homographies and simple heuristics",
	YEAR         = "2006",
MONTH="giugno",
   JOURNAL      = "Proceedings of the 9th IEEE International Workshop on Performance Evaluation in Tracking and Surveillance (PETS '06)",
PAGES="51-58"
}

@ARTICLE{7,
	AUTHOR       = "J. Martinez-del-Rincn et al.",
	TITLE        = "Automatic left luggage detection and tracking using multi-camera UKF",
	YEAR         = "2006",
MONTH="giugno",
   JOURNAL      = "Proceedings of the 9th IEEE International Workshop on Performance Evaluation in Tracking and Surveillance (PETS '06)",
PAGES="59-66"
}



@ARTICLE{8,
	AUTHOR       = "N. Krahnstoever et al.",
	TITLE        = "Multi-view detection and tracking of travelers and luggage in mass transit environments",
	YEAR         = "2006",
MONTH="giugno",
   JOURNAL      = "Proceedings of the 9th IEEE International Workshop on Performance Evaluation in Tracking and Surveillance (PETS '06)",
PAGES="67-74"
}


@ARTICLE{9,
	AUTHOR       = "F. Lv AND X. Song",
	TITLE        = "Left luggage detection using bayesian inference",
	YEAR         = "2006",
MONTH="giugno",
   JOURNAL      = "Proceedings of the 9th IEEE International Workshop on Performance Evaluation in Tracking and Surveillance (PETS '06)",
PAGES="83-90"
}


@ARTICLE{10,
	AUTHOR       = "K. Smith",
	TITLE        = "Detecting abandoned luggage items in a public space",
	YEAR         = "2006",
MONTH="giugno",
   JOURNAL      = "Proceedings of the 9th IEEE International Workshop on Performance Evaluation in Tracking and Surveillance (PETS '06)",
PAGES="75-82"
}


@ARTICLE{11,
	AUTHOR       = "S. Guler AND M. K. Farrow",
	TITLE        = "Abandoned object detection in crowded places",
	YEAR         = "2006",
MONTH="giugno",
   JOURNAL      = "Proceedings of the 9th IEEE International Workshop on Performance Evaluation in Tracking and Surveillance (PETS '06)",
PAGES="99-106"
}


@ARTICLE{12,
	AUTHOR       = "C. Stauffer AND W.E.L. Grimson",
	TITLE        = "Adaptive background mixture models for real-time tracking",
	YEAR         = "1999",
MONTH="giugno",
   JOURNAL      = "Proceedings of the IEEE Computer Society Conference on Computer Vision and Pattern Recognition (CVPR '99)",
PAGES="246-252",
VOLUME="2"
}


@ARTICLE{13,
	AUTHOR       = "F. Porikli AND F. Tuzel",
	TITLE        = "Bayesian Background Modeling for Foreground Detection",
	YEAR         = "2005",
   JOURNAL      = "ACM International Workshop on Video Surveillance and Sensor Networks"
}


@ARTICLE{14,
	AUTHOR       = "K. Toyama et al.",
	TITLE        = "Wallfloower:principles and practice of background maintenance",
	YEAR         = "1999",
MONTH="settembre",
   JOURNAL      = "Proceedings of the 17th IEEE International Conference on Com
puter Vision (ICCV '99)",
PAGES="255-261",
VOLUME="1"
}


@ARTICLE{15,
	AUTHOR       = "O. Javed AND K. Shafique AND M. Shah",
	TITLE        = "A hierarchical approach to robust background subtraction using color and gradient information",
	YEAR         = "2002",
MONTH="Dicembre",
   JOURNAL      = "Proceedings of the Workshop on Motion and Video Computing (MOTION '02)",
PAGES="22-27",
}



@ARTICLE{16,
	AUTHOR       = "A. Mittal AND N. Paragios",
	TITLE        = "Motion-based background subtraction using adaptive kernel density estimation",
	YEAR         = "2004",
MONTH="giugno-luglio",
   JOURNAL      = "Proceed-
ings of the IEEE Computer Society Conference on Computer Vision and Pattern Recognition (CVPR '04)",
PAGES="302-309",
VOLUME="2"
}


@ARTICLE{17,
	AUTHOR       = "A. Elgammal AND D. Harwood AND L. Davis",
	TITLE        = "Non-parametric model for background subtraction",
	YEAR         = "2000",
MONTH="giugno-luglio",
   JOURNAL      = "Proceedings of the 6th European Conference on Computer Vision-Part II (ECCV '00)",
PAGES="751-757",
VOLUME="2"
}



@ARTICLE{"kim",
	AUTHOR       = "K. Kim AND T. H. Chalidabhongse AND D. Harwood AND L. S. Davis",
	TITLE        = "Real-time foreground-background segmentation using codebook Model",
	YEAR         = "2005",
   JOURNAL      = "Real-Time Imag.",
PAGES="172185",
VOLUME="11"
}



@ARTICLE{18,
	AUTHOR       = "Liyuan Li AND Irene Y.H. Gu AND Qi Tian",
	TITLE        = "Foreground Object Detection from Videos Containing
Complex Background",
	YEAR         = "2003",
   JOURNAL      = "Proceedings of the eleventh ACM international conference on Multimedia",
PAGES="2-10"
}

@CONFERENCE{19,
	AUTHOR       = "Eva Horster AND Rainer Lienhart",
	TITLE        = "VSSN '06 Algorithm Competition ",
	YEAR         = "2006",
MONTH = "ottobre",
   JOURNAL      = "Multimedia Computing Lab - University of Augsburg, Germany",

}

@CONFERENCE{20,
	TITLE        = "\text{PETS2006} Benchmark Data",
	JOURNAL       = "",
YEAR            = "http://www.cvg.rdg.ac.uk/PETS2006/\-data.html"
  

}


@CONFERENCE{21,
	TITLE        = "\text{I-LIDS} dataset for \text{AVSS} 2007",
   journal      = "",
	YEAR         = "ftp://motinas.elec.qmul.ac.uk/pub/iLids"


}


@ARTICLE{SOBS,
	AUTHOR       = "L. Maddalena AND A. Petrosino",
	TITLE        = "A Self-Organizing Approach to Background Subtraction for Visual Surveillance Applications",
	YEAR         = "2008",
   JOURNAL      = "IEEE Transactions on Image Processing",
PAGES="1168-1177",
VOLUME = "17, no. 7"
}



@ARTICLE{23,	
   AUTHOR      = "S. Boragno et al.",
author = "B. Boghossian et al.",
	TITLE        = "A DSP-based system for the detection of vehicles parked in prohibited areas",
	YEAR         = "2007",
   JOURNAL      = "Proceeding of AVSS 2007 Conference",
PAGES = "6"
}


 

@ARTICLE{24,	
   AUTHOR      = "Sadiye Guler AND Jason A. Silverstein AND Ian H. Pushee",
	TITLE        = "Stationary Objects in Multiple Object Tracking",
	YEAR         = "2007",
   JOURNAL      = "Proceeding of AVSS 2007 Conference",
PAGES = "6"
}



@ARTICLE{25,	
   AUTHOR      = "P. L. Venetianer AND Z. Zhang AND W. Yin AND A. J. Lipton",
	TITLE        = "Stationary target detection using the object video surveillance system",
	YEAR         = "2007",
   JOURNAL      = "Proceeding of AVSS 2007 Conference",
PAGES = "6"
}

@ARTICLE{26,
   AUTHOR      = "J. T. Lee AND M.S. Ryoo AND M. Riley AND J. K. Aggarwal",
	TITLE        = "Real-time detection of illegally parked vehicles using 1-D transformation",
	YEAR         = "2007",
   JOURNAL      = "Proceeding of AVSS 2007 Conference",
PAGES = "6"
}


@ARTICLE{27,
   AUTHOR      = "Medha Bhargava AND Chia Chih Chen AND M. S. Ryoo AND J. K. Aggarwal ",
	TITLE        = "Detection of Abandoned Objects in Crowded Environments",
	YEAR         = "2007",
   JOURNAL      = "Proceeding of AVSS 2007 Conference",
PAGES = "6"
}



@ARTICLE{kim,
   AUTHOR      = "Kyungnam Kim AND Larry Davis et al.",
	TITLE        = "Real-time foreground-background segmentation using codebook model",
	YEAR         = "2004",
   JOURNAL      = "",
PAGES = "6"
}


